@article{qrnn,
  author    = {James Bradbury and
               Stephen Merity and
               Caiming Xiong and
               Richard Socher},
  title     = {{Quasi-Recurrent Neural Networks}},
  journal   = {ArXiv},
  volume    = {abs/1611.01576},
  year      = {2016},
  url       = {http://arxiv.org/abs/1611.01576},
  archivePrefix = {arXiv},
  eprint    = {1611.01576},
  timestamp = {Thu, 21 Mar 2019 11:19:44 +0100},
  biburl    = {https://dblp.org/rec/journals/corr/BradburyMXS16.bib},
  bibsource = {dblp computer science bibliography, https://dblp.org}
}

@article{attention,
  author    = {Ashish Vaswani and
               Noam Shazeer and
               Niki Parmar and
               Jakob Uszkoreit and
               Llion Jones and
               Aidan N. Gomez and
               Lukasz Kaiser and
               Illia Polosukhin},
  title     = {{Attention Is All You Need}},
  journal   = {ArXiv},
  volume    = {abs/1706.03762},
  year      = {2017},
  url       = {http://arxiv.org/abs/1706.03762},
  archivePrefix = {arXiv},
  eprint    = {1706.03762},
  timestamp = {Mon, 13 Aug 2018 16:48:37 +0200},
  biburl    = {https://dblp.org/rec/journals/corr/VaswaniSPUJGKP17.bib},
  bibsource = {dblp computer science bibliography, https://dblp.org}
}

@inproceedings{glove,
  author = {Jeffrey Pennington and Richard Socher and Christopher D. Manning},
  booktitle = {Empirical Methods in Natural Language Processing (EMNLP)},
  title = {{GloVe: Global Vectors for Word Representation}},
  year = {2014},
  pages = {1532--1543},
  url = {http://www.aclweb.org/anthology/D14-1162},
}

@misc{keras-qrnn, title={{Keras Quasi-Recurrent Neural Network}}, url={https://www.kaggle.com/bkkaggle/keras-quasi-recurrent-neural-network}, journal={Kaggle}, publisher={Kaggle}, author={Bilal ML}, year={2018}, month={Aug}}

@misc{cnn-for-nlp, title={{Understanding Convolutional Neural Networks for NLP}}, url={http://www.wildml.com/2015/11/understanding-convolutional-neural-networks-for-nlp/}, journal={WildML}, author={Britz, Denny}, year={2016}, month={Jan}}


@misc{text-cnn-rnn, title={{Report on Text Classification using CNN, RNN \& HAN}}, url={https://medium.com/jatana/report-on-text-classification-using-cnn-rnn-han-f0e887214d5f}, journal={Medium}, publisher={Jatana}, author={Maheshwari, Akshat}, year={2018}, month={Jul}}

@article{cnn-sarcastic,
  author    = {Soujanya Poria and
               Erik Cambria and
               Devamanyu Hazarika and
               Prateek Vij},
  title     = {{A Deeper Look into Sarcastic Tweets Using Deep Convolutional Neural
               Networks}},
  journal   = {arXiv},
  volume    = {abs/1610.08815},
  year      = {2016},
  url       = {http://arxiv.org/abs/1610.08815},
  archivePrefix = {arXiv},
  eprint    = {1610.08815},
  timestamp = {Mon, 13 Aug 2018 16:47:03 +0200},
  biburl    = {https://dblp.org/rec/journals/corr/PoriaCHV16.bib},
  bibsource = {dblp computer science bibliography, https://dblp.org}
}

@inproceedings{cnn-sentence-class,
    title = {{Convolutional Neural Networks for Sentence Classification}},
    author = "Kim, Yoon",
    booktitle = "Proceedings of the 2014 Conference on Empirical Methods in Natural Language Processing ({EMNLP})",
    month = oct,
    year = "2014",
    address = "Doha, Qatar",
    publisher = "Association for Computational Linguistics",
    url = "https://www.aclweb.org/anthology/D14-1181",
    doi = "10.3115/v1/D14-1181",
    pages = "1746--1751",
}

@misc{kaggle_nlp, title={{Real or Not? NLP with Disaster Tweets}}, url={https://www.kaggle.com/c/nlp-getting-started}, journal={Kaggle}, publisher={Kaggle}, year={2019}, month={Dec}}


@misc{reg_log, title={{Real or Not? NLP with Disaster Tweets (A Data science Capstone Project)}}, url={https://bit.ly/3kn0lvf}, journal={Medium}, publisher={Real or Not? NLP with Disaster Tweets}, author={Kumar, Vinit}, year={2020}, month={Feb}}


@misc{test, title={{How I got a Perfect Score on a Kaggle NLP with Disaster Tweets Competition}}, url={https://bit.ly/31y8HY3}, journal={Crained}, author={Charlie}, year={2020}, month={Apr}}

@inproceedings{rnn_state_art-1,
    title = {{Sequential Short-Text Classification with Recurrent and Convolutional Neural Networks}},
    author = "Lee, Ji Young  and
      Dernoncourt, Franck",
    booktitle = "Proceedings of the 2016 Conference of the North {A}merican Chapter of the Association for Computational Linguistics: Human Language Technologies",
    month = jun,
    year = "2016",
    address = "San Diego, California",
    publisher = "Association for Computational Linguistics",
    url = "https://www.aclweb.org/anthology/N16-1062",
    doi = "10.18653/v1/N16-1062",
    pages = "515--520",
}

@inproceedings{rnn_state_art-2,
  title={{Recurrent Convolutional Neural Networks for Text Classification}},
  author={Siwei Lai and Liheng Xu and Kang Liu and Jun Zhao},
  booktitle={AAAI},
  year={2015}
}

@article{bert,
  author    = {Jacob Devlin and
               Ming{-}Wei Chang and
               Kenton Lee and
               Kristina Toutanova},
  title     = {{BERT: Pre-training of Deep Bidirectional Transformers for Language
               Understanding}},
  journal   = {ArXiv},
  volume    = {abs/1810.04805},
  year      = {2018},
  url       = {http://arxiv.org/abs/1810.04805},
  archivePrefix = {arXiv},
  eprint    = {1810.04805},
  timestamp = {Tue, 30 Oct 2018 20:39:56 +0100},
  biburl    = {https://dblp.org/rec/journals/corr/abs-1810-04805.bib},
  bibsource = {dblp computer science bibliography, https://dblp.org}
}

@misc{bert_tf, title={{BERT Uncased}}, url={https://tfhub.dev/tensorflow/bert_en_uncased_L-12_H-768_A-12/2}, journal={TensorFlow Hub}}


@misc{rnn-pooling, title={{NLP Learning Series: Part 3 - Attention, CNN and what not for Text Classification}}, url={http://bit.ly/pooling-text-classification}, journal={Medium}, publisher={Towards Data Science}, author={Agarwal, Rahul}, year={2019}, month={Jul}}

@misc{cnn-future, title={{Detecting Sarcasm with Deep Convolutional Neural Networks}}, url={https://bit.ly/3fFMAUN}, journal={Medium}, publisher={dair.ai}, author={Saravia, Elvis}, year={2018}, month={Jun}}
